@incollection { Kuhn05,
    author = {Kuhn, Markus},
    affiliation = {Computer Laboratory, University of Cambridge, 15 JJ Thomson Avenue, Cambridge, CB3 0FD United Kingdom},
    title = {Electromagnetic Eavesdropping Risks of Flat-Panel Displays},
    booktitle = {4th Workshop on Privacy Enhancing Technologies},
    series = {Lecture Notes in Computer Science},
    editor = {Martin, David and Serjantov, Andrei},
    publisher = {Springer},
    isbn = {978-3-540-26203-9},
    pages = {88-107},
    volume = {3424},
    url = {http://www.cl.cam.ac.uk/~mgk25/pet2004-fpd.pdf},
    year = {2005}
}

@article { Boneh01,
    author = {Dan Boneh and Xuhua Ding and Gene Tsudik and Chi Ming Wong},
    title = {A Method for Fast Revocation of Public Key Certificates and Security Capabilities},
    journal = {Proceedings of the 10th {USENIX} Security Symposium},
    year = {2001},
    pages = {297-308},
    url = {http://crypto.stanford.edu/~dabo/pubs/papers/sem.pdf}
}

@misc { OpenID09,
    author = {Kissel, Brian},
    title = {Open{ID} 2009 Year in Review},
    month = {Dec},
    year = {2009},
    howpublished = "\url{http://openid.net/2009/12/16/openid-2009-year-in-review/}"
}

@misc { OAuth,
    author = {Eran Hammer-Lahav},
    title = {{RFC} 5849 -- {T}he {OA}uth 1.0 Protocol},
    publisher = {IETF},
    howpublished = "\url{http://tools.ietf.org/html/rfc5849}",
    month = {Apr},
    year = {2010}
}

@misc { OpenID,
    author = {{OpenID Foundation}},
    title = {{O}pen{ID} Authentication 2.0 -- Final},
    howpublished = "\url{http://openid.net/specs/openid-authentication-2_0.html}",
    month = {Dec},
    year = {2007}
}

@misc { GoogleOpenID,
    author = {{Google Inc}},
    title = {Federated Login for {G}oogle Account Users},
    howpublished = "\url{http://developers.google.com/accounts/docs/OpenID}"
}
